@article{markowitz1952portfolio,
  title={Portfolio selection},
  author={Markowitz, Harry},
  journal={The journal of finance},
  volume={7},
  number={1},
  pages={77--91},
  year={1952},
  publisher={Wiley Online Library}
}

@article{medina2003aplicacion,
  title={Aplicación de la teoría del portafolio en el mercado accionario colombiano},
  author={Medina, Luis Ángel},
  journal={Cuadernos de economía},
  volume={22},
  number={39},
  pages={129--168},
  year={2003},
  publisher={Cuadernos de Economía, Facultad de Ciencias Económicas, Universidad Nacional de Colombia.}
}

@online{Zivot,
    author={Zivot, Eric},
    title={Introduction to Computational Finance and Financial Econometrics, Lecture Notes},
    year="2015",
    url={https://faculty.washington.edu/ezivot/econ424/424notes.htm},
    urldate = {2017-12-02}
}

@unpublished{quintero_2017, 
place={Universidad del Rosario}, 
title={Recocido Simulado (Simulated Annealing)}, 
journal={Recocido Simulado (Simulated Annealing)}, 
author={Quintero, Daniel}, 
year={2017}
} 


